@inproceedings{ paradiselost,
	author = {Kats, Lennart and Visser, Eelco and Wachsmuth, Guido},
	year = {2010},
	month = {01},
	pages = {918-932},
	title = {{Pure and Declarative Syntax Definition: Paradise Lost and Regained}},
	booktitle = {{Pure and Declarative Syntax Definition: Paradise Lost and Regained}},
	journal = {Proceedings of the Conference on Object-Oriented Programming Systems, Languages, and Applications, OOPSLA},
	doi = {10.1145/1869459.1869535}
}

@book{ chomsky2002syntactic,
	title={{Syntactic Structures}},
	author={Chomsky, N. and Lightfoot, D.W.},
	isbn={9783110172799},
	lccn={2002043087},
	series={De Gruyter Reference Global},
	url={https://books.google.ch/books?id=SNeHkMXHcd8C},
	year={2002},
	publisher={Mouton de Gruyter}
}


@techreport{ oneillpcg2014,
	title = {{PCG: A Family of Simple Fast Space-Efficient Statistically Good Algorithms for Random Number Generation}},
	author = "Melissa E. O'Neill",
	institution = "Harvey Mudd College",
	address = "Claremont, CA",
	number = "HMC-CS-2014-0905",
	year = "2014",
	month = Sep,
	xurl = "https://www.cs.hmc.edu/tr/hmc-cs-2014-0905.pdf",
}

@article{ acmquickcheck,
	author = {Claessen, Koen and Hughes, John},
	title = {{QuickCheck: A Lightweight Tool for Random Testing of Haskell Programs}},
	year = {2000},
	issue_date = {Sept. 2000},
	publisher = {Association for Computing Machinery},
	address = {New York, NY, USA},
	volume = {35},
	number = {9},
	issn = {0362-1340},
	url = {https://doi.org/10.1145/357766.351266},
	doi = {10.1145/357766.351266},
	journal = {SIGPLAN Notices},
	month = sep,
	pages = {268–279},
	numpages = {12}
}

@incollection{ fuzzingbook2019Grammars,
	author = {Andreas Zeller and Rahul Gopinath and Marcel B{\"o}hme and Gordon Fraser and Christian Holler},
	booktitle = {The Fuzzing Book},
	title = {{Fuzzing with Grammars}},
	year = {2019},
	publisher = {Saarland University},
	howpublished = {\url{https://www.fuzzingbook.org/html/Grammars.html}},
	note = {Retrieved 2019-12-21},
	url = {https://www.fuzzingbook.org/html/Grammars.html},
	urldate = {2019-12-21}
}

@inproceedings{ antlrllstar,
	author = {Parr, Terence and Fisher, Kathleen},
	year = {2011},
	month = {06},
	title = {{LL(*): The Foundation of the ANTLR Parser Generator}},
	booktitle = {{LL(*): The Foundation of the ANTLR Parser Generator}},
	note = {Retrieved 2021-06-22},
	url = {https://www.antlr.org/papers/LL-star-PLDI11.pdf},
	urldate = {2021-06-22}
}

@book{ definitiveantlr4reference,
	author = {Terence Parr},
	title = {{The Definitive ANTLR 4 Reference}},
	isbn = {978-1-93435-699-9},
	year = {2012},
	publisher = {The Pragmatic Programmers, LLC},
	note = {Retrieved 2021-06-22},
	url = {https://pragprog.com/titles/tpantlr2/the-definitive-antlr-4-reference},
	urldate = {2021-06-22}
}

@misc{ webbazel,
	author = "{Google Inc.}",
	title = "Bazel",
	year = "2021",
	howpublished = "\url{https://bazel.build/}",
	note = "[Online; accessed 6-June-2021]"
}

@misc{ webcheckstyle,
	author = "{Checkstyle contributors}",
	title = "Checkstyle",
	year = "2021",
	howpublished = "\url{https://checkstyle.sourceforge.io/}",
	note = "[Online; accessed 6-June-2021]"
}

@misc{ weberrorprone,
	author = "{Google Inc.}",
	title = "Error–prone",
	year = "2021",
	howpublished = "\url{https://errorprone.info/}",
	note = "[Online; accessed 6-June-2021]"
}

@misc{ webdropwizard,
	author = "{Coda Hale, Yammer Inc., Dropwizard Team}",
	title = "Dropwizard",
	year = "2021",
	howpublished = "\url{https://www.dropwizard.io/}",
	note = "[Online; accessed 6-June-2021]"
}

@misc{ webpmd,
	author = "{PMD contributors}",
	title = {{PMD: An Extensible Cross-Language Static Code Analyzer}},
	year = "2021",
	howpublished = "\url{https://pmd.github.io/}",
	note = "[Online; accessed 6-June-2021]"
}

